%YAML 1.1
%TAG !u! tag:unity3d.com,2011:
--- !u!1001 &100100000
Prefab:
  m_ObjectHideFlags: 1
  serializedVersion: 2
  m_Modification:
    m_TransformParent: {fileID: 0}
    m_Modifications: []
    m_RemovedComponents: []
  m_ParentPrefab: {fileID: 0}
  m_RootGameObject: {fileID: 1151150923390198}
  m_IsPrefabParent: 1
--- !u!1 &1064578068990398
GameObject:
  m_ObjectHideFlags: 1
  m_PrefabParentObject: {fileID: 0}
  m_PrefabInternal: {fileID: 100100000}
  serializedVersion: 5
  m_Component:
  - component: {fileID: 4429671648896772}
  - component: {fileID: 212482057261466210}
  m_Layer: 0
  m_Name: lampOFF
  m_TagString: Untagged
  m_Icon: {fileID: 0}
  m_NavMeshLayer: 0
  m_StaticEditorFlags: 0
  m_IsActive: 1
--- !u!1 &1118195316921944
GameObject:
  m_ObjectHideFlags: 0
  m_PrefabParentObject: {fileID: 0}
  m_PrefabInternal: {fileID: 100100000}
  serializedVersion: 5
  m_Component:
  - component: {fileID: 4908372419974286}
  - component: {fileID: 212003045451853818}
  - component: {fileID: 50913921297207386}
  - component: {fileID: 61262533254822040}
  m_Layer: 8
  m_Name: Reflective
  m_TagString: Untagged
  m_Icon: {fileID: 0}
  m_NavMeshLayer: 0
  m_StaticEditorFlags: 4294967295
  m_IsActive: 1
--- !u!1 &1151150923390198
GameObject:
  m_ObjectHideFlags: 0
  m_PrefabParentObject: {fileID: 0}
  m_PrefabInternal: {fileID: 100100000}
  serializedVersion: 5
  m_Component:
  - component: {fileID: 4805785144538876}
  m_Layer: 11
  m_Name: level0197
  m_TagString: Untagged
  m_Icon: {fileID: 0}
  m_NavMeshLayer: 0
  m_StaticEditorFlags: 0
  m_IsActive: 1
--- !u!1 &1341884706044790
GameObject:
  m_ObjectHideFlags: 1
  m_PrefabParentObject: {fileID: 0}
  m_PrefabInternal: {fileID: 100100000}
  serializedVersion: 5
  m_Component:
  - component: {fileID: 4706815638551802}
  - component: {fileID: 212105115106882802}
  - component: {fileID: 114680387843577484}
  - component: {fileID: 50114082393230178}
  - component: {fileID: 61234862908377434}
  m_Layer: 10
  m_Name: Finish
  m_TagString: Untagged
  m_Icon: {fileID: 0}
  m_NavMeshLayer: 0
  m_StaticEditorFlags: 4294967295
  m_IsActive: 1
--- !u!1 &1442232827277510
GameObject:
  m_ObjectHideFlags: 0
  m_PrefabParentObject: {fileID: 0}
  m_PrefabInternal: {fileID: 100100000}
  serializedVersion: 5
  m_Component:
  - component: {fileID: 4128964047584350}
  - component: {fileID: 212602159528858734}
  - component: {fileID: 50691732881021418}
  - component: {fileID: 61605648665464120}
  m_Layer: 8
  m_Name: Reflective
  m_TagString: Untagged
  m_Icon: {fileID: 0}
  m_NavMeshLayer: 0
  m_StaticEditorFlags: 4294967295
  m_IsActive: 1
--- !u!1 &1481822843726714
GameObject:
  m_ObjectHideFlags: 0
  m_PrefabParentObject: {fileID: 0}
  m_PrefabInternal: {fileID: 100100000}
  serializedVersion: 5
  m_Component:
  - component: {fileID: 4335199449204236}
  - component: {fileID: 212567033381654374}
  - component: {fileID: 50830320231520814}
  - component: {fileID: 61828538321416424}
  m_Layer: 8
  m_Name: Reflective
  m_TagString: Untagged
  m_Icon: {fileID: 0}
  m_NavMeshLayer: 0
  m_StaticEditorFlags: 4294967295
  m_IsActive: 1
--- !u!1 &1526264333832956
GameObject:
  m_ObjectHideFlags: 1
  m_PrefabParentObject: {fileID: 0}
  m_PrefabInternal: {fileID: 100100000}
  serializedVersion: 5
  m_Component:
  - component: {fileID: 4738763221343322}
  - component: {fileID: 212189833750300522}
  m_Layer: 0
  m_Name: lampON
  m_TagString: Untagged
  m_Icon: {fileID: 0}
  m_NavMeshLayer: 0
  m_StaticEditorFlags: 0
  m_IsActive: 1
--- !u!1 &1573036195458320
GameObject:
  m_ObjectHideFlags: 0
  m_PrefabParentObject: {fileID: 0}
  m_PrefabInternal: {fileID: 100100000}
  serializedVersion: 5
  m_Component:
  - component: {fileID: 4232688826705146}
  - component: {fileID: 212300228134399448}
  - component: {fileID: 50373062724041508}
  - component: {fileID: 61843966631725328}
  m_Layer: 8
  m_Name: Reflective
  m_TagString: Untagged
  m_Icon: {fileID: 0}
  m_NavMeshLayer: 0
  m_StaticEditorFlags: 4294967295
  m_IsActive: 1
--- !u!1 &1634435790602676
GameObject:
  m_ObjectHideFlags: 0
  m_PrefabParentObject: {fileID: 0}
  m_PrefabInternal: {fileID: 100100000}
  serializedVersion: 5
  m_Component:
  - component: {fileID: 4337471130820440}
  - component: {fileID: 212327382195269118}
  - component: {fileID: 50709094754765110}
  - component: {fileID: 61853321738865462}
  m_Layer: 8
  m_Name: Reflective
  m_TagString: Untagged
  m_Icon: {fileID: 0}
  m_NavMeshLayer: 0
  m_StaticEditorFlags: 4294967295
  m_IsActive: 1
--- !u!1 &1659340097069570
GameObject:
  m_ObjectHideFlags: 0
  m_PrefabParentObject: {fileID: 0}
  m_PrefabInternal: {fileID: 100100000}
  serializedVersion: 5
  m_Component:
  - component: {fileID: 4883982084576740}
  m_Layer: 0
  m_Name: Finish
  m_TagString: Untagged
  m_Icon: {fileID: 0}
  m_NavMeshLayer: 0
  m_StaticEditorFlags: 0
  m_IsActive: 1
--- !u!4 &4128964047584350
Transform:
  m_ObjectHideFlags: 1
  m_PrefabParentObject: {fileID: 0}
  m_PrefabInternal: {fileID: 100100000}
  m_GameObject: {fileID: 1442232827277510}
  m_LocalRotation: {x: -0, y: -0, z: 0.104528494, w: -0.9945219}
  m_LocalPosition: {x: -1.59569, y: -1.955534, z: 0}
  m_LocalScale: {x: 1, y: 1, z: 1}
  m_Children: []
  m_Father: {fileID: 4805785144538876}
  m_RootOrder: 1
  m_LocalEulerAnglesHint: {x: 0, y: 0, z: 0}
--- !u!4 &4232688826705146
Transform:
  m_ObjectHideFlags: 1
  m_PrefabParentObject: {fileID: 0}
  m_PrefabInternal: {fileID: 100100000}
  m_GameObject: {fileID: 1573036195458320}
  m_LocalRotation: {x: -0, y: -0, z: 0.24192187, w: -0.9702958}
  m_LocalPosition: {x: 0.351012, y: -1.651979, z: 0}
  m_LocalScale: {x: 1, y: 1, z: 1}
  m_Children: []
  m_Father: {fileID: 4805785144538876}
  m_RootOrder: 2
  m_LocalEulerAnglesHint: {x: 0, y: 0, z: 0}
--- !u!4 &4335199449204236
Transform:
  m_ObjectHideFlags: 1
  m_PrefabParentObject: {fileID: 0}
  m_PrefabInternal: {fileID: 100100000}
  m_GameObject: {fileID: 1481822843726714}
  m_LocalRotation: {x: -0, y: -0, z: 0.8038569, w: 0.5948228}
  m_LocalPosition: {x: -1.280384, y: 1.14315, z: 0}
  m_LocalScale: {x: 1, y: 1, z: 1}
  m_Children: []
  m_Father: {fileID: 4805785144538876}
  m_RootOrder: 5
  m_LocalEulerAnglesHint: {x: 0, y: 0, z: 0}
--- !u!4 &4337471130820440
Transform:
  m_ObjectHideFlags: 1
  m_PrefabParentObject: {fileID: 0}
  m_PrefabInternal: {fileID: 100100000}
  m_GameObject: {fileID: 1634435790602676}
  m_LocalRotation: {x: -0, y: -0, z: 0.8703558, w: -0.49242344}
  m_LocalPosition: {x: 0.9983717, y: -3.170824, z: 0}
  m_LocalScale: {x: 1, y: 1, z: 1}
  m_Children: []
  m_Father: {fileID: 4805785144538876}
  m_RootOrder: 4
  m_LocalEulerAnglesHint: {x: 0, y: 0, z: 0}
--- !u!4 &4429671648896772
Transform:
  m_ObjectHideFlags: 1
  m_PrefabParentObject: {fileID: 0}
  m_PrefabInternal: {fileID: 100100000}
  m_GameObject: {fileID: 1064578068990398}
  m_LocalRotation: {x: -0, y: -0, z: -0, w: 1}
  m_LocalPosition: {x: -0.014735904, y: 0.00512743, z: 0}
  m_LocalScale: {x: 1, y: 1, z: 1}
  m_Children: []
  m_Father: {fileID: 4883982084576740}
  m_RootOrder: 1
  m_LocalEulerAnglesHint: {x: 0, y: 0, z: 0}
--- !u!4 &4706815638551802
Transform:
  m_ObjectHideFlags: 1
  m_PrefabParentObject: {fileID: 0}
  m_PrefabInternal: {fileID: 100100000}
  m_GameObject: {fileID: 1341884706044790}
  m_LocalRotation: {x: -0, y: -0, z: 0.38268343, w: 0.92387956}
  m_LocalPosition: {x: -0.014735904, y: 0.00512743, z: 0}
  m_LocalScale: {x: 1, y: 1, z: 1}
  m_Children: []
  m_Father: {fileID: 4883982084576740}
  m_RootOrder: 0
  m_LocalEulerAnglesHint: {x: 0, y: 0, z: 45}
--- !u!4 &4738763221343322
Transform:
  m_ObjectHideFlags: 1
  m_PrefabParentObject: {fileID: 0}
  m_PrefabInternal: {fileID: 100100000}
  m_GameObject: {fileID: 1526264333832956}
  m_LocalRotation: {x: -0, y: -0, z: -0, w: 1}
  m_LocalPosition: {x: -0.014735904, y: 0.00512743, z: 0}
  m_LocalScale: {x: 1, y: 1, z: 1}
  m_Children: []
  m_Father: {fileID: 4883982084576740}
  m_RootOrder: 2
  m_LocalEulerAnglesHint: {x: 0, y: 0, z: 0}
--- !u!4 &4805785144538876
Transform:
  m_ObjectHideFlags: 1
  m_PrefabParentObject: {fileID: 0}
  m_PrefabInternal: {fileID: 100100000}
  m_GameObject: {fileID: 1151150923390198}
  m_LocalRotation: {x: -0, y: -0, z: -0, w: 1}
  m_LocalPosition: {x: 0, y: 0, z: 0}
  m_LocalScale: {x: 1, y: 1, z: 1}
  m_Children:
  - {fileID: 4883982084576740}
  - {fileID: 4128964047584350}
  - {fileID: 4232688826705146}
  - {fileID: 4908372419974286}
  - {fileID: 4337471130820440}
  - {fileID: 4335199449204236}
  m_Father: {fileID: 0}
  m_RootOrder: 0
  m_LocalEulerAnglesHint: {x: 0, y: 0, z: 0}
--- !u!4 &4883982084576740
Transform:
  m_ObjectHideFlags: 1
  m_PrefabParentObject: {fileID: 0}
  m_PrefabInternal: {fileID: 100100000}
  m_GameObject: {fileID: 1659340097069570}
  m_LocalRotation: {x: -0, y: -0, z: -0, w: 1}
  m_LocalPosition: {x: -0.981299, y: -0.8738338, z: 0}
  m_LocalScale: {x: 1, y: 1, z: 1}
  m_Children:
  - {fileID: 4706815638551802}
  - {fileID: 4429671648896772}
  - {fileID: 4738763221343322}
  m_Father: {fileID: 4805785144538876}
  m_RootOrder: 0
  m_LocalEulerAnglesHint: {x: 0, y: 0, z: 0}
--- !u!4 &4908372419974286
Transform:
  m_ObjectHideFlags: 1
  m_PrefabParentObject: {fileID: 0}
  m_PrefabInternal: {fileID: 100100000}
  m_GameObject: {fileID: 1118195316921944}
  m_LocalRotation: {x: -0, y: -0, z: 0.19936778, w: 0.97992474}
  m_LocalPosition: {x: -0.5909183, y: 1.187953, z: 0}
  m_LocalScale: {x: 1, y: 1, z: 1}
  m_Children: []
  m_Father: {fileID: 4805785144538876}
  m_RootOrder: 3
  m_LocalEulerAnglesHint: {x: 0, y: 0, z: 0}
--- !u!50 &50114082393230178
Rigidbody2D:
  serializedVersion: 4
  m_ObjectHideFlags: 1
  m_PrefabParentObject: {fileID: 0}
  m_PrefabInternal: {fileID: 100100000}
  m_GameObject: {fileID: 1341884706044790}
  m_BodyType: 2
  m_Simulated: 1
  m_UseFullKinematicContacts: 0
  m_UseAutoMass: 0
  m_Mass: 1
  m_LinearDrag: 0
  m_AngularDrag: 0.05
  m_GravityScale: 1
  m_Material: {fileID: 0}
  m_Interpolate: 0
  m_SleepingMode: 1
  m_CollisionDetection: 0
  m_Constraints: 0
--- !u!50 &50373062724041508
Rigidbody2D:
  serializedVersion: 4
  m_ObjectHideFlags: 1
  m_PrefabParentObject: {fileID: 0}
  m_PrefabInternal: {fileID: 100100000}
  m_GameObject: {fileID: 1573036195458320}
  m_BodyType: 2
  m_Simulated: 1
  m_UseFullKinematicContacts: 0
  m_UseAutoMass: 0
  m_Mass: 1
  m_LinearDrag: 0
  m_AngularDrag: 0.05
  m_GravityScale: 1
  m_Material: {fileID: 0}
  m_Interpolate: 0
  m_SleepingMode: 1
  m_CollisionDetection: 0
  m_Constraints: 0
--- !u!50 &50691732881021418
Rigidbody2D:
  serializedVersion: 4
  m_ObjectHideFlags: 1
  m_PrefabParentObject: {fileID: 0}
  m_PrefabInternal: {fileID: 100100000}
  m_GameObject: {fileID: 1442232827277510}
  m_BodyType: 2
  m_Simulated: 1
  m_UseFullKinematicContacts: 0
  m_UseAutoMass: 0
  m_Mass: 1
  m_LinearDrag: 0
  m_AngularDrag: 0.05
  m_GravityScale: 1
  m_Material: {fileID: 0}
  m_Interpolate: 0
  m_SleepingMode: 1
  m_CollisionDetection: 0
  m_Constraints: 0
--- !u!50 &50709094754765110
Rigidbody2D:
  serializedVersion: 4
  m_ObjectHideFlags: 1
  m_PrefabParentObject: {fileID: 0}
  m_PrefabInternal: {fileID: 100100000}
  m_GameObject: {fileID: 1634435790602676}
  m_BodyType: 2
  m_Simulated: 1
  m_UseFullKinematicContacts: 0
  m_UseAutoMass: 0
  m_Mass: 1
  m_LinearDrag: 0
  m_AngularDrag: 0.05
  m_GravityScale: 1
  m_Material: {fileID: 0}
  m_Interpolate: 0
  m_SleepingMode: 1
  m_CollisionDetection: 0
  m_Constraints: 0
--- !u!50 &50830320231520814
Rigidbody2D:
  serializedVersion: 4
  m_ObjectHideFlags: 1
  m_PrefabParentObject: {fileID: 0}
  m_PrefabInternal: {fileID: 100100000}
  m_GameObject: {fileID: 1481822843726714}
  m_BodyType: 2
  m_Simulated: 1
  m_UseFullKinematicContacts: 0
  m_UseAutoMass: 0
  m_Mass: 1
  m_LinearDrag: 0
  m_AngularDrag: 0.05
  m_GravityScale: 1
  m_Material: {fileID: 0}
  m_Interpolate: 0
  m_SleepingMode: 1
  m_CollisionDetection: 0
  m_Constraints: 0
--- !u!50 &50913921297207386
Rigidbody2D:
  serializedVersion: 4
  m_ObjectHideFlags: 1
  m_PrefabParentObject: {fileID: 0}
  m_PrefabInternal: {fileID: 100100000}
  m_GameObject: {fileID: 1118195316921944}
  m_BodyType: 2
  m_Simulated: 1
  m_UseFullKinematicContacts: 0
  m_UseAutoMass: 0
  m_Mass: 1
  m_LinearDrag: 0
  m_AngularDrag: 0.05
  m_GravityScale: 1
  m_Material: {fileID: 0}
  m_Interpolate: 0
  m_SleepingMode: 1
  m_CollisionDetection: 0
  m_Constraints: 0
--- !u!61 &61234862908377434
BoxCollider2D:
  m_ObjectHideFlags: 1
  m_PrefabParentObject: {fileID: 0}
  m_PrefabInternal: {fileID: 100100000}
  m_GameObject: {fileID: 1341884706044790}
  m_Enabled: 1
  m_Density: 1
  m_Material: {fileID: 0}
  m_IsTrigger: 0
  m_UsedByEffector: 0
  m_UsedByComposite: 0
  m_Offset: {x: 0, y: 0}
  m_SpriteTilingProperty:
    border: {x: 0, y: 0, z: 0, w: 0}
    pivot: {x: 0.5, y: 0.5}
    oldSize: {x: 0.8, y: 0.8066667}
    newSize: {x: 3.1, y: 3.1}
    adaptiveTilingThreshold: 0.5
    drawMode: 0
    adaptiveTiling: 0
  m_AutoTiling: 0
  serializedVersion: 2
  m_Size: {x: 0.8, y: 0.8066667}
  m_EdgeRadius: 0
--- !u!61 &61262533254822040
BoxCollider2D:
  m_ObjectHideFlags: 1
  m_PrefabParentObject: {fileID: 0}
  m_PrefabInternal: {fileID: 100100000}
  m_GameObject: {fileID: 1118195316921944}
  m_Enabled: 1
  m_Density: 1
  m_Material: {fileID: 0}
  m_IsTrigger: 0
  m_UsedByEffector: 0
  m_UsedByComposite: 0
  m_Offset: {x: 0, y: 0}
  m_SpriteTilingProperty:
    border: {x: 0, y: 0, z: 0, w: 0}
    pivot: {x: 0.5, y: 0.5}
    oldSize: {x: 0.12, y: 1.83}
    newSize: {x: 0.12, y: 1.83}
    adaptiveTilingThreshold: 0.5
    drawMode: 0
    adaptiveTiling: 0
  m_AutoTiling: 0
  serializedVersion: 2
  m_Size: {x: 0.12, y: 1.83}
  m_EdgeRadius: 0
--- !u!61 &61605648665464120
BoxCollider2D:
  m_ObjectHideFlags: 1
  m_PrefabParentObject: {fileID: 0}
  m_PrefabInternal: {fileID: 100100000}
  m_GameObject: {fileID: 1442232827277510}
  m_Enabled: 1
  m_Density: 1
  m_Material: {fileID: 0}
  m_IsTrigger: 0
  m_UsedByEffector: 0
  m_UsedByComposite: 0
  m_Offset: {x: 0, y: 0}
  m_SpriteTilingProperty:
    border: {x: 0, y: 0, z: 0, w: 0}
    pivot: {x: 0.5, y: 0.5}
    oldSize: {x: 0.12, y: 1.83}
    newSize: {x: 0.12, y: 1.83}
    adaptiveTilingThreshold: 0.5
    drawMode: 0
    adaptiveTiling: 0
  m_AutoTiling: 0
  serializedVersion: 2
  m_Size: {x: 0.12, y: 1.83}
  m_EdgeRadius: 0
--- !u!61 &61828538321416424
BoxCollider2D:
  m_ObjectHideFlags: 1
  m_PrefabParentObject: {fileID: 0}
  m_PrefabInternal: {fileID: 100100000}
  m_GameObject: {fileID: 1481822843726714}
  m_Enabled: 1
  m_Density: 1
  m_Material: {fileID: 0}
  m_IsTrigger: 0
  m_UsedByEffector: 0
  m_UsedByComposite: 0
  m_Offset: {x: 0, y: 0}
  m_SpriteTilingProperty:
    border: {x: 0, y: 0, z: 0, w: 0}
    pivot: {x: 0.5, y: 0.5}
    oldSize: {x: 0.12, y: 1.83}
    newSize: {x: 0.12, y: 1.83}
    adaptiveTilingThreshold: 0.5
    drawMode: 0
    adaptiveTiling: 0
  m_AutoTiling: 0
  serializedVersion: 2
  m_Size: {x: 0.12, y: 1.83}
  m_EdgeRadius: 0
--- !u!61 &61843966631725328
BoxCollider2D:
  m_ObjectHideFlags: 1
  m_PrefabParentObject: {fileID: 0}
  m_PrefabInternal: {fileID: 100100000}
  m_GameObject: {fileID: 1573036195458320}
  m_Enabled: 1
  m_Density: 1
  m_Material: {fileID: 0}
  m_IsTrigger: 0
  m_UsedByEffector: 0
  m_UsedByComposite: 0
  m_Offset: {x: 0, y: 0}
  m_SpriteTilingProperty:
    border: {x: 0, y: 0, z: 0, w: 0}
    pivot: {x: 0.5, y: 0.5}
    oldSize: {x: 0.12, y: 1.83}
    newSize: {x: 0.12, y: 1.83}
    adaptiveTilingThreshold: 0.5
    drawMode: 0
    adaptiveTiling: 0
  m_AutoTiling: 0
  serializedVersion: 2
  m_Size: {x: 0.12, y: 1.83}
  m_EdgeRadius: 0
--- !u!61 &61853321738865462
BoxCollider2D:
  m_ObjectHideFlags: 1
  m_PrefabParentObject: {fileID: 0}
  m_PrefabInternal: {fileID: 100100000}
  m_GameObject: {fileID: 1634435790602676}
  m_Enabled: 1
  m_Density: 1
  m_Material: {fileID: 0}
  m_IsTrigger: 0
  m_UsedByEffector: 0
  m_UsedByComposite: 0
  m_Offset: {x: 0, y: 0}
  m_SpriteTilingProperty:
    border: {x: 0, y: 0, z: 0, w: 0}
    pivot: {x: 0.5, y: 0.5}
    oldSize: {x: 0.12, y: 1.83}
    newSize: {x: 0.12, y: 1.83}
    adaptiveTilingThreshold: 0.5
    drawMode: 0
    adaptiveTiling: 0
  m_AutoTiling: 0
  serializedVersion: 2
  m_Size: {x: 0.12, y: 1.83}
  m_EdgeRadius: 0
--- !u!114 &114680387843577484
MonoBehaviour:
  m_ObjectHideFlags: 1
  m_PrefabParentObject: {fileID: 0}
  m_PrefabInternal: {fileID: 100100000}
  m_GameObject: {fileID: 1341884706044790}
  m_Enabled: 1
  m_EditorHideFlags: 0
  m_Script: {fileID: 11500000, guid: fd974ec9ac40d10499d39e8445c9de89, type: 3}
  m_Name: 
  m_EditorClassIdentifier: 
  sprite: {fileID: 212105115106882802}
  spriteColor: {r: 1, g: 1, b: 1, a: 1}
  fadeInTime: 0.8
  fadeOutTime: 0.8
  delayToFadeOut: 0.1
  delayToFadeIn: 0.1
  animate: 1
--- !u!212 &212003045451853818
SpriteRenderer:
  m_ObjectHideFlags: 1
  m_PrefabParentObject: {fileID: 0}
  m_PrefabInternal: {fileID: 100100000}
  m_GameObject: {fileID: 1118195316921944}
  m_Enabled: 1
  m_CastShadows: 0
  m_ReceiveShadows: 0
  m_DynamicOccludee: 1
  m_MotionVectors: 1
  m_LightProbeUsage: 1
  m_ReflectionProbeUsage: 1
  m_Materials:
  - {fileID: 10754, guid: 0000000000000000f000000000000000, type: 0}
  m_StaticBatchInfo:
    firstSubMesh: 0
    subMeshCount: 0
  m_StaticBatchRoot: {fileID: 0}
  m_ProbeAnchor: {fileID: 0}
  m_LightProbeVolumeOverride: {fileID: 0}
  m_ScaleInLightmap: 1
  m_PreserveUVs: 0
  m_IgnoreNormalsForChartDetection: 0
  m_ImportantGI: 0
  m_StitchLightmapSeams: 0
  m_SelectedEditorRenderState: 0
  m_MinimumChartSize: 4
  m_AutoUVMaxDistance: 0.5
  m_AutoUVMaxAngle: 89
  m_LightmapParameters: {fileID: 0}
  m_SortingLayerID: 0
  m_SortingLayer: 0
  m_SortingOrder: 0
  m_Sprite: {fileID: 21300000, guid: 197bb085fc1838940907943c96e32586, type: 3}
  m_Color: {r: 0.6720372, g: 0.82430947, b: 0.8308824, a: 1}
  m_FlipX: 0
  m_FlipY: 0
  m_DrawMode: 0
  m_Size: {x: 0.12, y: 1.83}
  m_AdaptiveModeThreshold: 0.5
  m_SpriteTileMode: 0
  m_WasSpriteAssigned: 1
  m_MaskInteraction: 0
--- !u!212 &212105115106882802
SpriteRenderer:
  m_ObjectHideFlags: 1
  m_PrefabParentObject: {fileID: 0}
  m_PrefabInternal: {fileID: 100100000}
  m_GameObject: {fileID: 1341884706044790}
  m_Enabled: 1
  m_CastShadows: 0
  m_ReceiveShadows: 0
  m_DynamicOccludee: 1
  m_MotionVectors: 1
  m_LightProbeUsage: 1
  m_ReflectionProbeUsage: 1
  m_Materials:
  - {fileID: 10754, guid: 0000000000000000f000000000000000, type: 0}
  m_StaticBatchInfo:
    firstSubMesh: 0
    subMeshCount: 0
  m_StaticBatchRoot: {fileID: 0}
  m_ProbeAnchor: {fileID: 0}
  m_LightProbeVolumeOverride: {fileID: 0}
  m_ScaleInLightmap: 1
  m_PreserveUVs: 0
  m_IgnoreNormalsForChartDetection: 0
  m_ImportantGI: 0
  m_StitchLightmapSeams: 0
  m_SelectedEditorRenderState: 0
  m_MinimumChartSize: 4
  m_AutoUVMaxDistance: 0.5
  m_AutoUVMaxAngle: 89
  m_LightmapParameters: {fileID: 0}
  m_SortingLayerID: 0
  m_SortingLayer: 0
  m_SortingOrder: 0
  m_Sprite: {fileID: 21300000, guid: 92a7e2e2325979c40bb51795805333b0, type: 3}
  m_Color: {r: 1, g: 1, b: 1, a: 0}
  m_FlipX: 0
  m_FlipY: 0
  m_DrawMode: 0
  m_Size: {x: 3.1, y: 3.1}
  m_AdaptiveModeThreshold: 0.5
  m_SpriteTileMode: 0
  m_WasSpriteAssigned: 1
  m_MaskInteraction: 0
--- !u!212 &212189833750300522
SpriteRenderer:
  m_ObjectHideFlags: 1
  m_PrefabParentObject: {fileID: 0}
  m_PrefabInternal: {fileID: 100100000}
  m_GameObject: {fileID: 1526264333832956}
  m_Enabled: 1
  m_CastShadows: 0
  m_ReceiveShadows: 0
  m_DynamicOccludee: 1
  m_MotionVectors: 1
  m_LightProbeUsage: 1
  m_ReflectionProbeUsage: 1
  m_Materials:
  - {fileID: 10754, guid: 0000000000000000f000000000000000, type: 0}
  m_StaticBatchInfo:
    firstSubMesh: 0
    subMeshCount: 0
  m_StaticBatchRoot: {fileID: 0}
  m_ProbeAnchor: {fileID: 0}
  m_LightProbeVolumeOverride: {fileID: 0}
  m_ScaleInLightmap: 1
  m_PreserveUVs: 0
  m_IgnoreNormalsForChartDetection: 0
  m_ImportantGI: 0
  m_StitchLightmapSeams: 0
  m_SelectedEditorRenderState: 0
  m_MinimumChartSize: 4
  m_AutoUVMaxDistance: 0.5
  m_AutoUVMaxAngle: 89
  m_LightmapParameters: {fileID: 0}
  m_SortingLayerID: 0
  m_SortingLayer: 0
  m_SortingOrder: 1
  m_Sprite: {fileID: 21300000, guid: 3331ecc0eb9f3b748b6a7f9fbcefcdd6, type: 3}
  m_Color: {r: 1, g: 1, b: 1, a: 0}
  m_FlipX: 0
  m_FlipY: 0
  m_DrawMode: 0
  m_Size: {x: 0.85333335, y: 0.85333335}
  m_AdaptiveModeThreshold: 0.5
  m_SpriteTileMode: 0
  m_WasSpriteAssigned: 1
  m_MaskInteraction: 0
--- !u!212 &212300228134399448
SpriteRenderer:
  m_ObjectHideFlags: 1
  m_PrefabParentObject: {fileID: 0}
  m_PrefabInternal: {fileID: 100100000}
  m_GameObject: {fileID: 1573036195458320}
  m_Enabled: 1
  m_CastShadows: 0
  m_ReceiveShadows: 0
  m_DynamicOccludee: 1
  m_MotionVectors: 1
  m_LightProbeUsage: 1
  m_ReflectionProbeUsage: 1
  m_Materials:
  - {fileID: 10754, guid: 0000000000000000f000000000000000, type: 0}
  m_StaticBatchInfo:
    firstSubMesh: 0
    subMeshCount: 0
  m_StaticBatchRoot: {fileID: 0}
  m_ProbeAnchor: {fileID: 0}
  m_LightProbeVolumeOverride: {fileID: 0}
  m_ScaleInLightmap: 1
  m_PreserveUVs: 0
  m_IgnoreNormalsForChartDetection: 0
  m_ImportantGI: 0
  m_StitchLightmapSeams: 0
  m_SelectedEditorRenderState: 0
  m_MinimumChartSize: 4
  m_AutoUVMaxDistance: 0.5
  m_AutoUVMaxAngle: 89
  m_LightmapParameters: {fileID: 0}
  m_SortingLayerID: 0
  m_SortingLayer: 0
  m_SortingOrder: 0
  m_Sprite: {fileID: 21300000, guid: 197bb085fc1838940907943c96e32586, type: 3}
  m_Color: {r: 0.6720372, g: 0.82430947, b: 0.8308824, a: 1}
  m_FlipX: 0
  m_FlipY: 0
  m_DrawMode: 0
  m_Size: {x: 0.12, y: 1.83}
  m_AdaptiveModeThreshold: 0.5
  m_SpriteTileMode: 0
  m_WasSpriteAssigned: 1
  m_MaskInteraction: 0
--- !u!212 &212327382195269118
SpriteRenderer:
  m_ObjectHideFlags: 1
  m_PrefabParentObject: {fileID: 0}
  m_PrefabInternal: {fileID: 100100000}
  m_GameObject: {fileID: 1634435790602676}
  m_Enabled: 1
  m_CastShadows: 0
  m_ReceiveShadows: 0
  m_DynamicOccludee: 1
  m_MotionVectors: 1
  m_LightProbeUsage: 1
  m_ReflectionProbeUsage: 1
  m_Materials:
  - {fileID: 10754, guid: 0000000000000000f000000000000000, type: 0}
  m_StaticBatchInfo:
    firstSubMesh: 0
    subMeshCount: 0
  m_StaticBatchRoot: {fileID: 0}
  m_ProbeAnchor: {fileID: 0}
  m_LightProbeVolumeOverride: {fileID: 0}
  m_ScaleInLightmap: 1
  m_PreserveUVs: 0
  m_IgnoreNormalsForChartDetection: 0
  m_ImportantGI: 0
  m_StitchLightmapSeams: 0
  m_SelectedEditorRenderState: 0
  m_MinimumChartSize: 4
  m_AutoUVMaxDistance: 0.5
  m_AutoUVMaxAngle: 89
  m_LightmapParameters: {fileID: 0}
  m_SortingLayerID: 0
  m_SortingLayer: 0
  m_SortingOrder: 0
  m_Sprite: {fileID: 21300000, guid: 197bb085fc1838940907943c96e32586, type: 3}
  m_Color: {r: 0.6720372, g: 0.82430947, b: 0.8308824, a: 1}
  m_FlipX: 0
  m_FlipY: 0
  m_DrawMode: 0
  m_Size: {x: 0.12, y: 1.83}
  m_AdaptiveModeThreshold: 0.5
  m_SpriteTileMode: 0
  m_WasSpriteAssigned: 1
  m_MaskInteraction: 0
--- !u!212 &212482057261466210
SpriteRenderer:
  m_ObjectHideFlags: 1
  m_PrefabParentObject: {fileID: 0}
  m_PrefabInternal: {fileID: 100100000}
  m_GameObject: {fileID: 1064578068990398}
  m_Enabled: 1
  m_CastShadows: 0
  m_ReceiveShadows: 0
  m_DynamicOccludee: 1
  m_MotionVectors: 1
  m_LightProbeUsage: 1
  m_ReflectionProbeUsage: 1
  m_Materials:
  - {fileID: 10754, guid: 0000000000000000f000000000000000, type: 0}
  m_StaticBatchInfo:
    firstSubMesh: 0
    subMeshCount: 0
  m_StaticBatchRoot: {fileID: 0}
  m_ProbeAnchor: {fileID: 0}
  m_LightProbeVolumeOverride: {fileID: 0}
  m_ScaleInLightmap: 1
  m_PreserveUVs: 0
  m_IgnoreNormalsForChartDetection: 0
  m_ImportantGI: 0
  m_StitchLightmapSeams: 0
  m_SelectedEditorRenderState: 0
  m_MinimumChartSize: 4
  m_AutoUVMaxDistance: 0.5
  m_AutoUVMaxAngle: 89
  m_LightmapParameters: {fileID: 0}
  m_SortingLayerID: 0
  m_SortingLayer: 0
  m_SortingOrder: 0
  m_Sprite: {fileID: 21300000, guid: e98a7728152557e48992cb08b5cd8235, type: 3}
  m_Color: {r: 1, g: 1, b: 1, a: 1}
  m_FlipX: 0
  m_FlipY: 0
  m_DrawMode: 0
  m_Size: {x: 0.85333335, y: 0.85333335}
  m_AdaptiveModeThreshold: 0.5
  m_SpriteTileMode: 0
  m_WasSpriteAssigned: 1
  m_MaskInteraction: 0
--- !u!212 &212567033381654374
SpriteRenderer:
  m_ObjectHideFlags: 1
  m_PrefabParentObject: {fileID: 0}
  m_PrefabInternal: {fileID: 100100000}
  m_GameObject: {fileID: 1481822843726714}
  m_Enabled: 1
  m_CastShadows: 0
  m_ReceiveShadows: 0
  m_DynamicOccludee: 1
  m_MotionVectors: 1
  m_LightProbeUsage: 1
  m_ReflectionProbeUsage: 1
  m_Materials:
  - {fileID: 10754, guid: 0000000000000000f000000000000000, type: 0}
  m_StaticBatchInfo:
    firstSubMesh: 0
    subMeshCount: 0
  m_StaticBatchRoot: {fileID: 0}
  m_ProbeAnchor: {fileID: 0}
  m_LightProbeVolumeOverride: {fileID: 0}
  m_ScaleInLightmap: 1
  m_PreserveUVs: 0
  m_IgnoreNormalsForChartDetection: 0
  m_ImportantGI: 0
  m_StitchLightmapSeams: 0
  m_SelectedEditorRenderState: 0
  m_MinimumChartSize: 4
  m_AutoUVMaxDistance: 0.5
  m_AutoUVMaxAngle: 89
  m_LightmapParameters: {fileID: 0}
  m_SortingLayerID: 0
  m_SortingLayer: 0
  m_SortingOrder: 0
  m_Sprite: {fileID: 21300000, guid: 197bb085fc1838940907943c96e32586, type: 3}
  m_Color: {r: 0.6720372, g: 0.82430947, b: 0.8308824, a: 1}
  m_FlipX: 0
  m_FlipY: 0
  m_DrawMode: 0
  m_Size: {x: 0.12, y: 1.83}
  m_AdaptiveModeThreshold: 0.5
  m_SpriteTileMode: 0
  m_WasSpriteAssigned: 1
  m_MaskInteraction: 0
--- !u!212 &212602159528858734
SpriteRenderer:
  m_ObjectHideFlags: 1
  m_PrefabParentObject: {fileID: 0}
  m_PrefabInternal: {fileID: 100100000}
  m_GameObject: {fileID: 1442232827277510}
  m_Enabled: 1
  m_CastShadows: 0
  m_ReceiveShadows: 0
  m_DynamicOccludee: 1
  m_MotionVectors: 1
  m_LightProbeUsage: 1
  m_ReflectionProbeUsage: 1
  m_Materials:
  - {fileID: 10754, guid: 0000000000000000f000000000000000, type: 0}
  m_StaticBatchInfo:
    firstSubMesh: 0
    subMeshCount: 0
  m_StaticBatchRoot: {fileID: 0}
  m_ProbeAnchor: {fileID: 0}
  m_LightProbeVolumeOverride: {fileID: 0}
  m_ScaleInLightmap: 1
  m_PreserveUVs: 0
  m_IgnoreNormalsForChartDetection: 0
  m_ImportantGI: 0
  m_StitchLightmapSeams: 0
  m_SelectedEditorRenderState: 0
  m_MinimumChartSize: 4
  m_AutoUVMaxDistance: 0.5
  m_AutoUVMaxAngle: 89
  m_LightmapParameters: {fileID: 0}
  m_SortingLayerID: 0
  m_SortingLayer: 0
  m_SortingOrder: 0
  m_Sprite: {fileID: 21300000, guid: 197bb085fc1838940907943c96e32586, type: 3}
  m_Color: {r: 0.6720372, g: 0.82430947, b: 0.8308824, a: 1}
  m_FlipX: 0
  m_FlipY: 0
  m_DrawMode: 0
  m_Size: {x: 0.12, y: 1.83}
  m_AdaptiveModeThreshold: 0.5
  m_SpriteTileMode: 0
  m_WasSpriteAssigned: 1
  m_MaskInteraction: 0
